%مراجع خود را در این قسمت وارد کنید
@article{wang2022automatic,
  title={Automatic traffic modelling for creating digital twins to facilitate autonomous vehicle development},
  author={Wang, Shao-Hua and Tu, Chia-Heng and Juang, Jyh-Ching},
  journal={Connection Science},
  volume={34},
  number={1},
  pages={1018--1037},
  year={2022},
  publisher={Taylor \& Francis}
}

@article{grieves2014digital,
  title={Digital twin: manufacturing excellence through virtual factory replication},
  author={Grieves, Michael},
  journal={White paper},
  volume={1},
  number={2014},
  pages={1--7},
  year={2014}
}

@inproceedings{glaessgen2012digital,
  title={The digital twin paradigm for future NASA and US Air Force vehicles},
  author={Glaessgen, Edward and Stargel, David},
  booktitle={53rd AIAA/ASME/ASCE/AHS/ASC structures, structural dynamics and materials conference 20th AIAA/ASME/AHS adaptive structures conference 14th AIAA},
  pages={1818},
  year={2012}
}

@article{rosen2015importance,
  title={About the importance of autonomy and digital twins for the future of manufacturing},
  author={Rosen, Roland and Von Wichert, Georg and Lo, George and Bettenhausen, Kurt D},
  journal={Ifac-papersonline},
  volume={48},
  number={3},
  pages={567--572},
  year={2015},
  publisher={Elsevier}
}

@MISC{51World:2019,
author = {51WORLD},
title = {Digital Twin Makes Urban Travel Smoother},
year = {2019},
howpublished={\url{https://thinkautonomous.medium.com/can-self-driving-car-think-6c9e8d939d60}},
urldate = {2023-10-13},
note = {[Accessed Oct. 13, 2023]},
}

@MISC{ROS:2023,
author = {ROS},
title = {ROS Ecosystem},
year = {2023},
howpublished={\url{https://www.ros.org/blog/ecosystem/}},
urldate = {2023-10-15},
note = {[Accessed Oct. 15, 2023]},
}

@MISC{Synopsis:LiDAR,
author = {Synopsis},
title = {What is LiDAR?},
year = {2020},
howpublished={\url{https://www.synopsys.com/glossary/what-is-lidar.html}},
urldate = {2023-10-13},
note = {[Accessed Oct. 13, 2023]},
}

@MISC{Ouster:LiDAR_Specification,
author = {Ouster},
title = {High resolution OS1 sensor},
year = {2023},
howpublished={\url{https://ouster.com/products/scanning-lidar/os1-sensor/}},
urldate = {2023-10-13},
note = {[Accessed Oct. 13, 2023]},
}

@MISC{ROS2:Humble_Documentation,
author = {ROS 2},
title = {ROS 2 Humble Documentation},
year = {2023},
howpublished={\url{https://docs.ros.org/en/humble/index.html}},
urldate = {2023-10-16},
note = {[Accessed Oct. 16, 2023]},
}

@MISC{V7:mAP_Explanation,
author = {Deval Shah},
title = {mAP Explained},
year = {2022},
howpublished={\url{https://www.v7labs.com/blog/mean-average-precision#:~:text=Average%20Precision%20is%20calculated%20as,mAP%20varies%20in%20different%20contexts.}},
urldate = {2022-3-07},
note = {[Accessed Oct. 14, 2023]},
}

@MISC{Autoware:Documentation,
author = {AWF},
title = {Autoware Documentation},
year = {2023},
howpublished={\url{https://autowarefoundation.github.io/autoware-documentation/main/}},
urldate = {2023-10-17},
note = {[Accessed Oct. 17, 2023]},
}

@MISC{Autoware_Universe:Documentation,
author = {AWF},
title = {Autoware Universe Documentation},
year = {2023},
howpublished={\url{https://autowarefoundation.github.io/autoware.universe/main/}},
urldate = {2023-10-17},
note = {[Accessed Oct. 17, 2023]},
}

@MISC{AWSIM:Documentation,
author = {Tier4},
title = {AWSIM Documentation},
year = {2023},
howpublished={\url{https://tier4.github.io/AWSIM/}},
urldate = {2023-10-18},
note = {[Accessed Oct. 18, 2023]},
}

@MISC{OusterSDK:Documentation,
author = {Ouster},
title = {OusterSDK Documentation},
year = {2023},
howpublished={\url{https://static.ouster.dev/sdk-docs/}},
urldate = {2023-10-18},
note = {[Accessed Oct. 18, 2023]},
}

@MISC{Super-Fast-Accurate-3D-Object-Detection-PyTorch,
  author = {Nguyen Mau Dung},
  title = {{Super-Fast-Accurate-3D-Object-Detection-PyTorch}},
  howpublished = {\url{https://github.com/maudzung/Super-Fast-Accurate-3D-Object-Detection}},
  year = {2020}
}

@MISC{mmdet3d2020,
    title={{MMDetection3D: OpenMMLab} next-generation platform for general {3D} object detection},
    author={MMDetection3D Contributors},
    howpublished = {\url{https://github.com/open-mmlab/mmdetection3d}},
    year={2020}
}

@article{zhou2019edge,
  title={Edge intelligence: Paving the last mile of artificial intelligence with edge computing},
  author={Zhou, Zhi and Chen, Xu and Li, En and Zeng, Liekang and Luo, Ke and Zhang, Junshan},
  journal={Proceedings of the IEEE},
  volume={107},
  number={8},
  pages={1738--1762},
  year={2019},
  publisher={IEEE}
}

@article{singh2021digital,
  title={Digital twin: Origin to future},
  author={Singh, Maulshree and Fuenmayor, Evert and Hinchy, Eoin P and Qiao, Yuansong and Murray, Niall and Devine, Declan},
  journal={Applied System Innovation},
  volume={4},
  number={2},
  pages={36},
  year={2021},
  publisher={MDPI}
}

@article{lu2020developing,
  title={Developing a digital twin at building and city levels: Case study of West Cambridge campus},
  author={Lu, Qiuchen and Parlikad, Ajith Kumar and Woodall, Philip and Don Ranasinghe, Gishan and Xie, Xiang and Liang, Zhenglin and Konstantinou, Eirini and Heaton, James and Schooling, Jennifer},
  journal={Journal of Management in Engineering},
  volume={36},
  number={3},
  pages={05020004},
  year={2020},
  publisher={American Society of Civil Engineers}
}

@article{azfar2022efficient,
  title={Efficient procedure of building university campus models for digital twin simulation},
  author={Azfar, Talha and Weidner, Jeffrey and Raheem, Adeeba and Ke, Ruimin and Cheu, Ruey Long},
  journal={IEEE Journal of Radio Frequency Identification},
  volume={6},
  pages={769--773},
  year={2022},
  publisher={IEEE}
}

@book{farsi2020digital,
  title={Digital twin technologies and smart cities},
  author={Farsi, Maryam and Daneshkhah, Alireza and Hosseinian-Far, Amin and Jahankhani, Hamid and others},
  year={2020},
  publisher={Springer}
}

@article{yamashita2018convolutional,
	title={Convolutional neural networks: an overview and application in radiology},
	author={Yamashita, Rikiya and Nishio, Mizuho and Do, Richard Kinh Gian and Togashi, Kaori},
	journal={Insights into imaging},
	volume={9},
	number={4},
	pages={611--629},
	year={2018},
	publisher={Springer}
}

@article{arnold2019survey,
  title={A survey on 3d object detection methods for autonomous driving applications},
  author={Arnold, Eduardo and Al-Jarrah, Omar Y and Dianati, Mehrdad and Fallah, Saber and Oxtoby, David and Mouzakitis, Alex},
  journal={IEEE Transactions on Intelligent Transportation Systems},
  volume={20},
  number={10},
  pages={3782--3795},
  year={2019},
  publisher={IEEE}
}

@article{qian20223d,
  title={3D object detection for autonomous driving: A survey},
  author={Qian, Rui and Lai, Xin and Li, Xirong},
  journal={Pattern Recognition},
  volume={130},
  pages={108796},
  year={2022},
  publisher={Elsevier}
}

@inproceedings{geiger2012we,
  title={Are we ready for autonomous driving? the kitti vision benchmark suite},
  author={Geiger, Andreas and Lenz, Philip and Urtasun, Raquel},
  booktitle={2012 IEEE conference on computer vision and pattern recognition},
  pages={3354--3361},
  year={2012},
  organization={IEEE}
}

@inproceedings{caesar2020nuscenes,
  title={nuscenes: A multimodal dataset for autonomous driving},
  author={Caesar, Holger and Bankiti, Varun and Lang, Alex H and Vora, Sourabh and Liong, Venice Erin and Xu, Qiang and Krishnan, Anush and Pan, Yu and Baldan, Giancarlo and Beijbom, Oscar},
  booktitle={Proceedings of the IEEE/CVF conference on computer vision and pattern recognition},
  pages={11621--11631},
  year={2020}
}

@inproceedings{sun2020scalability,
  title={Scalability in perception for autonomous driving: Waymo open dataset},
  author={Sun, Pei and Kretzschmar, Henrik and Dotiwalla, Xerxes and Chouard, Aurelien and Patnaik, Vijaysai and Tsui, Paul and Guo, James and Zhou, Yin and Chai, Yuning and Caine, Benjamin and others},
  booktitle={Proceedings of the IEEE/CVF conference on computer vision and pattern recognition},
  pages={2446--2454},
  year={2020}
}

@article{han2022hybrid,
  title={Hybrid Attention-Based 3D Object Detection with Differential Point Clouds},
  author={Han, Guangjie and Zhu, Yintian and Liao, Lyuchao and Yao, Huiwen and Zhao, Zhaolin and Zheng, Qi},
  journal={Electronics},
  volume={11},
  number={23},
  pages={4010},
  year={2022},
  publisher={MDPI}
}

@article{doi:10.1126/scirobotics.abm6074,
    author = {Steven Macenski and Tully Foote and Brian Gerkey and Chris Lalancette and William Woodall},
    title = {Robot Operating System 2: Design, architecture, and uses in the wild},
    journal = {Science Robotics},
    volume = {7},
    number = {66},
    pages = {eabm6074},
    year = {2022},
    doi = {10.1126/scirobotics.abm6074},
    URL = {https://www.science.org/doi/abs/10.1126/scirobotics.abm6074}
}

@article{gat1998three,
  title={On three-layer architectures},
  author={Gat, Erann and Bonnasso, R Peter and Murphy, Robin and others},
  journal={Artificial intelligence and mobile robots},
  volume={195},
  pages={210},
  year={1998},
  publisher={AAAI Press Menlo Park, CA}
}

@inproceedings{lang2019pointpillars,
  title={Pointpillars: Fast encoders for object detection from point clouds},
  author={Lang, Alex H and Vora, Sourabh and Caesar, Holger and Zhou, Lubing and Yang, Jiong and Beijbom, Oscar},
  booktitle={Proceedings of the IEEE/CVF conference on computer vision and pattern recognition},
  pages={12697--12705},
  year={2019}
}

@inproceedings{yin2021center,
  title={Center-based 3d object detection and tracking},
  author={Yin, Tianwei and Zhou, Xingyi and Krahenbuhl, Philipp},
  booktitle={Proceedings of the IEEE/CVF conference on computer vision and pattern recognition},
  pages={11784--11793},
  year={2021}
}

@article{kim2020extended,
  title={Extended Kalman filter (EKF) design for vehicle position tracking using reliability function of radar and lidar},
  author={Kim, Taeklim and Park, Tae-Hyoung},
  journal={Sensors},
  volume={20},
  number={15},
  pages={4126},
  year={2020},
  publisher={MDPI}
}

@conference{Zhang-2017-26536,
author = {Xiao Zhang and Wenda Xu and Chiyu Dong and John M. Dolan},
title = {Efficient L-Shape Fitting for Vehicle Detection Using Laser Scanners},
booktitle = {2017 IEEE Intelligent Vehicles Symposium},
year = {2017},
month = {June},
keywords = {autonomous driving, laser scanner, perception, segmentation},
}

@article{de2000mahalanobis,
  title={The mahalanobis distance},
  author={De Maesschalck, Roy and Jouan-Rimbaud, Delphine and Massart, D{\'e}sir{\'e} L},
  journal={Chemometrics and intelligent laboratory systems},
  volume={50},
  number={1},
  pages={1--18},
  year={2000},
  publisher={Elsevier}
}

@inproceedings{inproceedings,
author = {Wang, Congchao and Wang, Yizhi and Wang, Yinxue and Wu, Chiung-Ting and Yu, Guoqiang},
year = {2020},
month = {08},
pages = {},
title = {muSSP: Efficient Min-cost Flow Algorithm for Multi-object Tracking}
}

@article{Mell_2011,
	author = {Mell, Peter and Grance, Timothy},
	title = {The NIST Definition of Cloud Computing},
	journal = {Bational Institute of Standards and Technology},
	year = {2011},
	volume = {7},
	number = {1},
	pages = {1-15}
}
 
@book{Lockard2019,
 	author = {Lockard, D.},
 	title = {The Pros and Cons of Go},
 	publisher = {Packt Publishing Ltd.},
 	year = {2019},
 }

@book{Donovan2015,
	author = {Donovan, S. and Kernighan, B. W.},
	title = {The Go Programming Language},
	publisher = {Pearson Education},
	year = {2015},
	url = {}
}}


@phdthesis{Fielding:2000,
	author = {Fielding, Roy T.},
	title = {Architectural styles and the design of network-based software architectures},
	school = {University of California, Irvine},
	year = {2000},
	type = {Dissertation},
	chapter = {5}
}

@article{Stonebraker2010,
	author = {Stonebraker, Michael},
	journal = {ACM Queue},
	pages = {3-7},
	title = {{NoSQL Databases}},
	volume = {8},
	year = {2010}
}

@book{Fowler2014,
	author = {Fowler, Martin},
	title = {Microservices},
	publisher = {O'Reilly Media, Inc.},
	year = {2014}
}

@book{Hightower2017,
	author = {Hightower, R.},
	title = {Building Microservices: Designing Fine-Grained Systems},
	publisher = {O'Reilly Media, Inc.},
	year = {2017}
}

@misc{Microsoft_API_Gateway_2023,
	author={Microsoft},
	title={Direct client-to-microservice communication versus the API gateway pattern},
	year={2023},
	publisher={Microsoft},
	note = {[Accessed Feb. 16, 2023]},
}


@misc{oracle_dao,
	author = "Oracle Inc.",
	title = {Design {Patterns}: {Data} {Access} {Object}},
	howpublished={\url{https://www.oracle.com/java/technologies/data-access-object.html}},
	note = {[Accessed Feb. 16, 2023]},
}


@misc{arvancloud, title={Arvancloud IaaS API Documentation}, author="Arvancloud", howpublished={\url{https://www.arvancloud.ir/api/iaas/1.0}}, note = {[Accessed Feb. 16, 2023]},} 


@Misc{microsoft_cc_models,
	author = {Microsoft},
	title = {What is IaaS?},
	howpublished={\url{https://azure.microsoft.com/en-us/resources/cloud-computing-dictionary/what-is-iaas}},
	year = {2023},
	note="[Accessed Feb. 16, 2023]",
}

@Misc{mstoimenova,
	author = {VMWare},
	title = {VMware cloud director architecture},
	howpublished = {\url{https://docs.vmware.com/en/VMware-Cloud-Director/10.4/VMware-Cloud-Director-Install-Configure-Upgrade-Guide/GUID-059548C6-0779-4242-84BB-6F3F4D8E6E4E.html}},
	year = {2023},
	note = {[Accessed Feb. 16, 2023]},
}
@misc{asiatech, title={\rl{خدمات ابری زیرساخت آسیاتک} (iaas)}, author="Asiatech",howpublished={https://asiatech.cloud/api-doc/}, note = {[Accessed Feb. 16, 2023]}} 

@misc{azurecloud,
	author={Microsoft},
	title = {Azure {Compute} {REST} {APIs} {\textbar} {Microsoft} {Learn}},
	howpublished = {\url{https://learn.microsoft.com/en-us/rest/api/compute}},
	urldate = {2023-02-18},
	note = {[Accessed Feb. 18, 2023]},
}

@misc{googlecloud,
	author={Google},
	title = {Compute {Engine} {API}  {\textbar}  {Compute} {Engine} {Documentation}  {\textbar}  {Google} {Cloud}},
	howpublished = {\url{https://cloud.google.com/compute/docs/reference/rest/v1}},
	urldate = {2023-02-18},
	note = {[Accessed Feb. 18, 2023]},
}

@misc{oraclecloud,
	author={Oracle},
	title = {Core {Services} {API} {\textbar} {Oracle} {Cloud} {Infrastructure} {API} {Reference} and {Endpoints}},
	howpublished = {\url{https://docs.oracle.com/en-us/iaas/api/#/en/iaas/20160918}},
	urldate = {2023-02-18},
	note = {[Accessed Feb. 18, 2023]},
}

@misc{digitalocean,
	author={DigitalOcean},
	title = {{DigitalOcean} {API} {Docs} :: {DigitalOcean} {Documentation}},
	howpublished = {\url{https://docs.digitalocean.com/reference/api/api-reference}},
	urldate = {2023-02-18},
	note = {[Accessed Feb. 18, 2023]},
}
